@misc{posit_pbc_quarto_2025,
	title = {Quarto},
	url = {https://quarto.org/},
	abstract = {An open source technical publishing system for creating beautiful articles, websites, blogs, books, slides, and more. Supports Python, R, Julia, and JavaScript.},
	language = {en},
	urldate = {2025-01-16},
	journal = {Quarto},
	author = {{Posit PBC}},
	year = {2025},
	file = {Snapshot:files/3256/quarto.org.html:text/html},
}
